<record><leader>00000cas a2200000 a 4500</leader><controlfield tag="001">13177349</controlfield><controlfield tag="008">860220d19091915nyuwr ne      0    0eng d</controlfield><datafield ind1=" " ind2=" " tag="010"><subfield code="a">sn 86063476 </subfield></datafield><datafield ind1=" " ind2=" " tag="040"><subfield code="a">KSH</subfield><subfield code="b">eng</subfield><subfield code="c">KSH</subfield><subfield code="d">NPT</subfield><subfield code="d">NYS</subfield><subfield code="d">OCL</subfield><subfield code="d">OCLCQ</subfield><subfield code="d">UWW</subfield><subfield code="d">OCLCQ</subfield><subfield code="d">OCLCO</subfield><subfield code="d">OCLCF</subfield></datafield><datafield ind1="1" ind2=" " tag="029"><subfield code="a">AU@</subfield><subfield code="b">000022168335</subfield></datafield><datafield ind1=" " ind2=" " tag="042"><subfield code="a">msc</subfield></datafield><datafield ind1="0" ind2=" " tag="130"><subfield code="a">Oxford review (Oxford, N.Y.)</subfield></datafield><datafield ind1="1" ind2="4" tag="245"><subfield code="a">The Oxford review.</subfield></datafield><datafield ind1=" " ind2=" " tag="260"><subfield code="a">Oxford, N.Y. :</subfield><subfield code="b">Geo. L. Stafford</subfield></datafield><datafield ind1=" " ind2=" " tag="300"><subfield code="a">v. ;</subfield><subfield code="c">55 cm.</subfield></datafield><datafield ind1=" " ind2=" " tag="310"><subfield code="a">Weekly</subfield></datafield><datafield ind1="0" ind2=" " tag="362"><subfield code="a">Vol. 1, no. 1 (Nov. 12, 1909)-v. 6, no. 9 (Jan. 1, 1915).</subfield></datafield><datafield ind1=" " ind2=" " tag="500"><subfield code="a">"Republican."</subfield></datafield><datafield ind1=" " ind2="0" tag="650"><subfield code="a">English literature</subfield><subfield code="x">History and criticism</subfield><subfield code="v">Periodicals.</subfield></datafield><datafield ind1=" " ind2="4" tag="651"><subfield code="a">Oxford (N.Y.)</subfield><subfield code="v">Newspapers.</subfield></datafield><datafield ind1=" " ind2="7" tag="655"><subfield code="a">Criticism, interpretation, etc.</subfield><subfield code="2">fast</subfield><subfield code="0">(OCoLC)fst01411635</subfield></datafield><datafield ind1=" " ind2="7" tag="655"><subfield code="a">Periodicals.</subfield><subfield code="2">fast</subfield><subfield code="0">(OCoLC)fst01411641</subfield></datafield><datafield ind1=" " ind2="7" tag="650"><subfield code="a">English literature.</subfield><subfield code="2">fast</subfield><subfield code="0">(OCoLC)fst00911989</subfield></datafield><datafield ind1=" " ind2=" " tag="752"><subfield code="a">United States</subfield><subfield code="b">New York</subfield><subfield code="c">Chenango</subfield><subfield code="d">Oxford.</subfield></datafield><datafield ind1="0" ind2="7" tag="785"><subfield code="t">Oxford times (Oxford, N.Y.)</subfield><subfield code="w">(DLC)sn 83031464</subfield></datafield><datafield ind1="0" ind2="7" tag="785"><subfield code="t">Oxford review-times</subfield><subfield code="w">(DLC)sn 86063477</subfield></datafield></record>